@article{kitaev2006anyons,
  title={Anyons in an exactly solved model and beyond},
  author={Kitaev, Alexei},
  journal={Annals of Physics},
  volume={321},
  number={1},
  pages={2--111},
  year={2006},
  publisher={Elsevier}
}